@inproceedings{KITTI,
  author = {Andreas Geiger and Philip Lenz and Raquel Urtasun},
  title = {Are we ready for Autonomous Driving? The KITTI Vision Benchmark Suite},
  booktitle = {Conference on Computer Vision and Pattern Recognition (CVPR)},
  year = {2012}
}

@article{KISS-ICP,
   title={KISS-ICP: In Defense of Point-to-Point ICP – Simple, Accurate, and Robust Registration If Done the Right Way},
   volume={8},
   ISSN={2377-3774},
   url={http://dx.doi.org/10.1109/LRA.2023.3236571},
   DOI={10.1109/lra.2023.3236571},
   number={2},
   journal={IEEE Robotics and Automation Letters},
   publisher={Institute of Electrical and Electronics Engineers (IEEE)},
   author={Vizzo, Ignacio and Guadagnino, Tiziano and Mersch, Benedikt and Wiesmann, Louis and Behley, Jens and Stachniss, Cyrill},
   year={2023},
   month=feb, pages={1029–1036} }


@misc{lo-net,
      title={LO-Net: Deep Real-time Lidar Odometry}, 
      author={Qing Li and Shaoyang Chen and Cheng Wang and Xin Li and Chenglu Wen and Ming Cheng and Jonathan Li},
      year={2020},
      eprint={1904.08242},
      archivePrefix={arXiv},
      primaryClass={cs.CV},
      url={https://arxiv.org/abs/1904.08242}, 
}

@INPROCEEDINGS{vloam,
  author={Zhang, Ji and Singh, Sanjiv},
  booktitle={2015 IEEE International Conference on Robotics and Automation (ICRA)}, 
  title={Visual-lidar odometry and mapping: low-drift, robust, and fast}, 
  year={2015},
  volume={},
  number={},
  pages={2174-2181},
  keywords={Laser radar;Cameras;Visualization;Three-dimensional displays;Distortion;Motion estimation;Feature extraction},
  doi={10.1109/ICRA.2015.7139486}
}

@inproceedings{loam,
  title={LOAM: Lidar odometry and mapping in real-time.},
  author={Zhang, Ji and Singh, Sanjiv and others},
  booktitle={Robotics: Science and systems},
  volume={2},
  number={9},
  pages={1--9},
  year={2014},
  organization={Berkeley, CA}
}

@article{dv-loam,
  title={DV-LOAM: Direct visual lidar odometry and mapping},
  author={Wang, Wei and Liu, Jun and Wang, Chenjie and Luo, Bin and Zhang, Cheng},
  journal={Remote Sensing},
  volume={13},
  number={16},
  pages={3340},
  year={2021},
  publisher={MDPI}
}

@article{sdv-loam,
  title={SDV-LOAM: semi-direct visual--LiDAR Odometry and mapping},
  author={Yuan, Zikang and Wang, Qingjie and Cheng, Ken and Hao, Tianyu and Yang, Xin},
  journal={IEEE Transactions on Pattern Analysis and Machine Intelligence},
  volume={45},
  number={9},
  pages={11203--11220},
  year={2023},
  publisher={IEEE}
}


@ARTICLE{orb-slam,
  author={Mur-Artal, Raúl and Tardós, Juan D.},
  journal={IEEE Transactions on Robotics}, 
  title={ORB-SLAM2: An Open-Source SLAM System for Monocular, Stereo, and RGB-D Cameras}, 
  year={2017},
  volume={33},
  number={5},
  pages={1255-1262},
  keywords={Simultaneous localization and mapping;Cameras;Optimization;Feature extraction;Tracking loops;Trajectory;Localization;mapping;RGB-D;simultaneous localization and mapping (SLAM);stereo},
  doi={10.1109/TRO.2017.2705103}}

@misc{tartanvo,
      title={TartanVO: A Generalizable Learning-based VO}, 
      author={Wenshan Wang and Yaoyu Hu and Sebastian Scherer},
      year={2020},
      eprint={2011.00359},
      archivePrefix={arXiv},
      primaryClass={cs.CV},
      url={https://arxiv.org/abs/2011.00359}, 
}

@misc{dvlo,
      title={DVLO: Deep Visual-LiDAR Odometry with Local-to-Global Feature Fusion and Bi-Directional Structure Alignment}, 
      author={Jiuming Liu and Dong Zhuo and Zhiheng Feng and Siting Zhu and Chensheng Peng and Zhe Liu and Hesheng Wang},
      year={2024},
      eprint={2403.18274},
      archivePrefix={arXiv},
      primaryClass={cs.CV},
      url={https://arxiv.org/abs/2403.18274}, 
}

@misc{tartanair,
      title={TartanAir: A Dataset to Push the Limits of Visual SLAM}, 
      author={Wenshan Wang and Delong Zhu and Xiangwei Wang and Yaoyu Hu and Yuheng Qiu and Chen Wang and Yafei Hu and Ashish Kapoor and Sebastian Scherer},
      year={2020},
      eprint={2003.14338},
      archivePrefix={arXiv},
      primaryClass={cs.RO},
      url={https://arxiv.org/abs/2003.14338}, 
}

@misc{pointnet,
      title={PointNet++: Deep Hierarchical Feature Learning on Point Sets in a Metric Space}, 
      author={Charles R. Qi and Li Yi and Hao Su and Leonidas J. Guibas},
      year={2017},
      eprint={1706.02413},
      archivePrefix={arXiv},
      primaryClass={cs.CV},
      url={https://arxiv.org/abs/1706.02413}, 
}

@misc{dust3r,
      title={DUSt3R: Geometric 3D Vision Made Easy}, 
      author={Shuzhe Wang and Vincent Leroy and Yohann Cabon and Boris Chidlovskii and Jerome Revaud},
      year={2023},
      eprint={2312.14132},
      archivePrefix={arXiv},
      primaryClass={cs.CV},
      url={https://arxiv.org/abs/2312.14132}, 
}

@misc{vit,
      title={An Image is Worth 16x16 Words: Transformers for Image Recognition at Scale}, 
      author={Alexey Dosovitskiy and Lucas Beyer and Alexander Kolesnikov and Dirk Weissenborn and Xiaohua Zhai and Thomas Unterthiner and Mostafa Dehghani and Matthias Minderer and Georg Heigold and Sylvain Gelly and Jakob Uszkoreit and Neil Houlsby},
      year={2021},
      eprint={2010.11929},
      archivePrefix={arXiv},
      primaryClass={cs.CV},
      url={https://arxiv.org/abs/2010.11929}, 
}

@misc{cnn,
      title={An Introduction to Convolutional Neural Networks}, 
      author={Keiron O'Shea and Ryan Nash},
      year={2015},
      eprint={1511.08458},
      archivePrefix={arXiv},
      primaryClass={cs.NE},
      url={https://arxiv.org/abs/1511.08458}, 
}

@misc{resnet,
      title={Deep Residual Learning for Image Recognition}, 
      author={Kaiming He and Xiangyu Zhang and Shaoqing Ren and Jian Sun},
      year={2015},
      eprint={1512.03385},
      archivePrefix={arXiv},
      primaryClass={cs.CV},
      url={https://arxiv.org/abs/1512.03385}, 
}

@misc{hvlo,
  title={DVLO: Deep Visual-LiDAR Odometry with Local-to-Global Feature Fusion and Bi-Directional Structure Alignment},
  author={Liu, Jiuming and Zhuo, Dong and Feng, Zhiheng and Zhu, Siting and Peng, Chensheng and Liu, Zhe and Wang, Hesheng},
  journal={arXiv preprint arXiv:2403.18274},
  year={2024}
}