@article{orb-slam2,
  title={Orb-slam2: An open-source slam system for monocular, stereo, and rgb-d cameras},
  author={Mur-Artal, Raul and Tard{\'o}s, Juan D},
  journal={IEEE transactions on robotics},
  volume={33},
  number={5},
  pages={1255--1262},
  year={2017},
  publisher={IEEE}
}

@article{sdv-loam,
  author={Yuan, Zikang and Wang, Qingjie and Cheng, Ken and Hao, Tianyu and Yang, Xin},
  journal={IEEE Transactions on Pattern Analysis and Machine Intelligence}, 
  title={SDV-LOAM: Semi-Direct Visualâ€“LiDAR Odometry and Mapping}, 
  year={2023},
  volume={45},
  number={9},
  pages={11203-11220},
}

@inproceedings{eff-lo-net,
  title={LO-Net: Deep Real-time Lidar Odometry},
  author={Li, Zhen and Wang, Yiming and Xu, Yi and Chen, Yang and Liu, Yung-Hsiang and Zhu, Xian and Li, Yi},
  booktitle={Proceedings of the IEEE/CVF Conference on Computer Vision and Pattern Recognition (CVPR)},
  pages={2065--2074},
  year={2020},
  doi={10.1109/CVPR42600.2020.00215}
}


@misc{hvlo,
  title={DVLO: Deep Visual-LiDAR Odometry with Local-to-Global Feature Fusion and Bi-Directional Structure Alignment},
  author={Liu, Jiuming and Zhuo, Dong and Feng, Zhiheng and Zhu, Siting and Peng, Chensheng and Liu, Zhe and Wang, Hesheng},
  journal={arXiv preprint arXiv:2403.18274},
  year={2024}
}

@misc{dvlo,
      title={DVLO: Deep Visual-LiDAR Odometry with Local-to-Global Feature Fusion and Bi-Directional Structure Alignment}, 
      author={Jiuming Liu and Dong Zhuo and Zhiheng Feng and Siting Zhu and Chensheng Peng and Zhe Liu and Hesheng Wang},
      year={2024},
      eprint={2403.18274},
      archivePrefix={arXiv},
      primaryClass={cs.CV},
      url={https://arxiv.org/abs/2403.18274}, 
}


@misc{tartanvo,
      title={TartanVO: A Generalizable Learning-based VO}, 
      author={Wenshan Wang and Yaoyu Hu and Sebastian Scherer},
      year={2020},
      eprint={2011.00359},
      archivePrefix={arXiv},
      primaryClass={cs.CV},
      url={https://arxiv.org/abs/2011.00359}, 
}