@inproceedings{lsd-slam,
  title={LSD-SLAM: Large-scale direct monocular SLAM},
  author={Engel, Jakob and Sch{\"o}ps, Thomas and Cremers, Daniel},
  booktitle={European Conference on Computer Vision (ECCV)},
  year={2014},
  organization={Springer}
}

@article{orb-slam,
  title={ORB-SLAM: A versatile and accurate monocular SLAM system},
  author={Mur-Artal, Raul and Montiel, JMM and Tard{\'o}s, JD},
  journal={IEEE Transactions on Robotics},
  volume={31},
  number={5},
  pages={1147--1163},
  year={2015},
  publisher={IEEE}
}

@article{spa-odom,
  title={Direct sparse odometry},
  author={Engel, Jakob and Koltun, Vladlen and Cremers, Daniel},
  journal={IEEE Transactions on Pattern Analysis and Machine Intelligence},
  volume={40},
  number={3},
  pages={611--625},
  year={2017},
  publisher={IEEE}
}

@article{sfm-net,
  title={SFM-Net: Learning of structure and motion from video},
  author={Vijayanarasimhan, Sundararajan and Ricco, Simone and Schmid, Christoph and Sukthankar, Rahul and Fragkiadaki, Katerina},
  journal={arXiv preprint arXiv:1704.07804},
  year={2017}
}

@article{vo-dnn,
  title={End-to-End, Sequence-to-Sequence Probabilistic Visual Odometry through Deep Neural Networks},
  author={Wang, Sen and Clark, Ronald and Wen, Hongkai and Trigoni, Niki},
  journal={The International Journal of Robotics Research},
  volume={37},
  number={4-5},
  pages={513--542},
  year={2018},
  publisher={SAGE Publications}
}


@article{tartanvo2020corl,
  title =   {TartanVO: A Generalizable Learning-based VO},
  author =  {Wang, Wenshan and Hu, Yaoyu and Scherer, Sebastian},
  journal = {Conference on Robot Learning (CoRL)},
  year =    {2020}
}

@misc{droidslam,
      title={DROID-SLAM: Deep Visual SLAM for Monocular, Stereo, and RGB-D Cameras}, 
      author={Zachary Teed and Jia Deng},
      year={2022},
      eprint={2108.10869},
      archivePrefix={arXiv},
      primaryClass={cs.CV},
      url={https://arxiv.org/abs/2108.10869}, 
}

@misc{wang2023dust3rgeometric3dvision,
      title={DUSt3R: Geometric 3D Vision Made Easy}, 
      author={Shuzhe Wang and Vincent Leroy and Yohann Cabon and Boris Chidlovskii and Jerome Revaud},
      year={2023},
      eprint={2312.14132},
      archivePrefix={arXiv},
      primaryClass={cs.CV},
      url={https://arxiv.org/abs/2312.14132}, 
}


@misc{SuperSparse,
  author={Chen, Siyu and Liu, Kangcheng and Wang, Chen and Yuan, Shenghai and Yang, Jianfei and Xie, Lihua},
  journal={IEEE Robotics and Automation Letters}, 
  title={Salient Sparse Visual Odometry With Pose-Only Supervision}, 
  year={2024},
  volume={9},
  number={5},
  pages={4774-4781},
  keywords={Optical flow;Estimation;Training;Robustness;Feature extraction;Image motion analysis;Optical variables control;Deep learning;optical flow;visual odometry},
  doi={10.1109/LRA.2024.3384757}}


@misc{dytanvo,
  author={Shen, Shihao and Cai, Yilin and Wang, Wenshan and Scherer, Sebastian},
  booktitle={2023 IEEE International Conference on Robotics and Automation (ICRA)}, 
  title={DytanVO: Joint Refinement of Visual Odometry and Motion Segmentation in Dynamic Environments}, 
  year={2023},
  volume={},
  number={},
  pages={4048-4055},
  keywords={Visualization;Simultaneous localization and mapping;Motion segmentation;Heuristic algorithms;Dynamics;Estimation;Cameras},
  doi={10.1109/ICRA48891.2023.10161306}
}

@inproceedings{deepVO,
 author = {Teed, Zachary and Lipson, Lahav and Deng, Jia},
 booktitle = {Advances in Neural Information Processing Systems},
 editor = {A. Oh and T. Naumann and A. Globerson and K. Saenko and M. Hardt and S. Levine},
 pages = {39033--39051},
 publisher = {Curran Associates, Inc.},
 title = {Deep Patch Visual Odometry},
 url = {https://proceedings.neurips.cc/paper_files/paper/2023/file/7ac484b0f1a1719ad5be9aa8c8455fbb-Paper-Conference.pdf},
 volume = {36},
 year = {2023}
}