@article{orb-slam2,
  title={Orb-slam2: An open-source slam system for monocular, stereo, and rgb-d cameras},
  author={Mur-Artal, Raul and Tard{\'o}s, Juan D},
  journal={IEEE transactions on robotics},
  volume={33},
  number={5},
  pages={1255--1262},
  year={2017},
  publisher={IEEE}
}


@inproceedings{eff-lo-net,
  title={LO-Net: Deep Real-time Lidar Odometry},
  author={Li, Zhen and Wang, Yiming and Xu, Yi and Chen, Yang and Liu, Yung-Hsiang and Zhu, Xian and Li, Yi},
  booktitle={Proceedings of the IEEE/CVF Conference on Computer Vision and Pattern Recognition (CVPR)},
  pages={2065--2074},
  year={2020},
  doi={10.1109/CVPR42600.2020.00215}
}


@misc{dvlo,
      title={DVLO: Deep Visual-LiDAR Odometry with Local-to-Global Feature Fusion and Bi-Directional Structure Alignment}, 
      author={Jiuming Liu and Dong Zhuo and Zhiheng Feng and Siting Zhu and Chensheng Peng and Zhe Liu and Hesheng Wang},
      year={2024},
      eprint={2403.18274},
      archivePrefix={arXiv},
      primaryClass={cs.CV},
      url={https://arxiv.org/abs/2403.18274}, 
}


@misc{tartanvo,
      title={TartanVO: A Generalizable Learning-based VO}, 
      author={Wenshan Wang and Yaoyu Hu and Sebastian Scherer},
      year={2020},
      eprint={2011.00359},
      archivePrefix={arXiv},
      primaryClass={cs.CV},
      url={https://arxiv.org/abs/2011.00359}, 
}

@inproceedings{KITTI,
  author = {Andreas Geiger and Philip Lenz and Raquel Urtasun},
  title = {Are we ready for Autonomous Driving? The KITTI Vision Benchmark Suite},
  booktitle = {Conference on Computer Vision and Pattern Recognition (CVPR)},
  year = {2012}
}

@article{KISS-ICP,
   title={KISS-ICP: In Defense of Point-to-Point ICP – Simple, Accurate, and Robust Registration If Done the Right Way},
   volume={8},
   ISSN={2377-3774},
   url={http://dx.doi.org/10.1109/LRA.2023.3236571},
   DOI={10.1109/lra.2023.3236571},
   number={2},
   journal={IEEE Robotics and Automation Letters},
   publisher={Institute of Electrical and Electronics Engineers (IEEE)},
   author={Vizzo, Ignacio and Guadagnino, Tiziano and Mersch, Benedikt and Wiesmann, Louis and Behley, Jens and Stachniss, Cyrill},
   year={2023},
   month=feb, pages={1029–1036} }


@misc{lo-net,
      title={LO-Net: Deep Real-time Lidar Odometry}, 
      author={Qing Li and Shaoyang Chen and Cheng Wang and Xin Li and Chenglu Wen and Ming Cheng and Jonathan Li},
      year={2020},
      eprint={1904.08242},
      archivePrefix={arXiv},
      primaryClass={cs.CV},
      url={https://arxiv.org/abs/1904.08242}, 
}

@INPROCEEDINGS{vloam,
  author={Zhang, Ji and Singh, Sanjiv},
  booktitle={2015 IEEE International Conference on Robotics and Automation (ICRA)}, 
  title={Visual-lidar odometry and mapping: low-drift, robust, and fast}, 
  year={2015},
  volume={},
  number={},
  pages={2174-2181},
  keywords={Laser radar;Cameras;Visualization;Three-dimensional displays;Distortion;Motion estimation;Feature extraction},
  doi={10.1109/ICRA.2015.7139486}
}

@inproceedings{loam,
  title={LOAM: Lidar odometry and mapping in real-time.},
  author={Zhang, Ji and Singh, Sanjiv and others},
  booktitle={Robotics: Science and systems},
  volume={2},
  number={9},
  pages={1--9},
  year={2014},
  organization={Berkeley, CA}
}

@article{dv-loam,
  title={DV-LOAM: Direct visual lidar odometry and mapping},
  author={Wang, Wei and Liu, Jun and Wang, Chenjie and Luo, Bin and Zhang, Cheng},
  journal={Remote Sensing},
  volume={13},
  number={16},
  pages={3340},
  year={2021},
  publisher={MDPI}
}

@article{sdv-loam,
  title={SDV-LOAM: semi-direct visual--LiDAR Odometry and mapping},
  author={Yuan, Zikang and Wang, Qingjie and Cheng, Ken and Hao, Tianyu and Yang, Xin},
  journal={IEEE Transactions on Pattern Analysis and Machine Intelligence},
  volume={45},
  number={9},
  pages={11203--11220},
  year={2023},
  publisher={IEEE}
}


@ARTICLE{orb-slam,
  author={Mur-Artal, Raúl and Tardós, Juan D.},
  journal={IEEE Transactions on Robotics}, 
  title={ORB-SLAM2: An Open-Source SLAM System for Monocular, Stereo, and RGB-D Cameras}, 
  year={2017},
  volume={33},
  number={5},
  pages={1255-1262},
  keywords={Simultaneous localization and mapping;Cameras;Optimization;Feature extraction;Tracking loops;Trajectory;Localization;mapping;RGB-D;simultaneous localization and mapping (SLAM);stereo},
  doi={10.1109/TRO.2017.2705103}}


@misc{tartanair,
      title={TartanAir: A Dataset to Push the Limits of Visual SLAM}, 
      author={Wenshan Wang and Delong Zhu and Xiangwei Wang and Yaoyu Hu and Yuheng Qiu and Chen Wang and Yafei Hu and Ashish Kapoor and Sebastian Scherer},
      year={2020},
      eprint={2003.14338},
      archivePrefix={arXiv},
      primaryClass={cs.RO},
      url={https://arxiv.org/abs/2003.14338}, 
}

@misc{pointnet,
      title={PointNet++: Deep Hierarchical Feature Learning on Point Sets in a Metric Space}, 
      author={Charles R. Qi and Li Yi and Hao Su and Leonidas J. Guibas},
      year={2017},
      eprint={1706.02413},
      archivePrefix={arXiv},
      primaryClass={cs.CV},
      url={https://arxiv.org/abs/1706.02413}, 
}

@misc{dust3r,
      title={DUSt3R: Geometric 3D Vision Made Easy}, 
      author={Shuzhe Wang and Vincent Leroy and Yohann Cabon and Boris Chidlovskii and Jerome Revaud},
      year={2023},
      eprint={2312.14132},
      archivePrefix={arXiv},
      primaryClass={cs.CV},
      url={https://arxiv.org/abs/2312.14132}, 
}

@misc{vit,
      title={An Image is Worth 16x16 Words: Transformers for Image Recognition at Scale}, 
      author={Alexey Dosovitskiy and Lucas Beyer and Alexander Kolesnikov and Dirk Weissenborn and Xiaohua Zhai and Thomas Unterthiner and Mostafa Dehghani and Matthias Minderer and Georg Heigold and Sylvain Gelly and Jakob Uszkoreit and Neil Houlsby},
      year={2021},
      eprint={2010.11929},
      archivePrefix={arXiv},
      primaryClass={cs.CV},
      url={https://arxiv.org/abs/2010.11929}, 
}

@misc{cnn,
      title={An Introduction to Convolutional Neural Networks}, 
      author={Keiron O'Shea and Ryan Nash},
      year={2015},
      eprint={1511.08458},
      archivePrefix={arXiv},
      primaryClass={cs.NE},
      url={https://arxiv.org/abs/1511.08458}, 
}

@misc{resnet,
      title={Deep Residual Learning for Image Recognition}, 
      author={Kaiming He and Xiangyu Zhang and Shaoqing Ren and Jian Sun},
      year={2015},
      eprint={1512.03385},
      archivePrefix={arXiv},
      primaryClass={cs.CV},
      url={https://arxiv.org/abs/1512.03385}, 
}

@misc{hvlo,
  title={DVLO: Deep Visual-LiDAR Odometry with Local-to-Global Feature Fusion and Bi-Directional Structure Alignment},
  author={Liu, Jiuming and Zhuo, Dong and Feng, Zhiheng and Zhu, Siting and Peng, Chensheng and Liu, Zhe and Wang, Hesheng},
  journal={arXiv preprint arXiv:2403.18274},
  year={2024}
}

@inproceedings{lsd-slam,
  title={LSD-SLAM: Large-scale direct monocular SLAM},
  author={Engel, Jakob and Sch{\"o}ps, Thomas and Cremers, Daniel},
  booktitle={European Conference on Computer Vision (ECCV)},
  year={2014},
  organization={Springer}
}


@article{spa-odom,
  title={Direct sparse odometry},
  author={Engel, Jakob and Koltun, Vladlen and Cremers, Daniel},
  journal={IEEE Transactions on Pattern Analysis and Machine Intelligence},
  volume={40},
  number={3},
  pages={611--625},
  year={2017},
  publisher={IEEE}
}

@article{sfm-net,
  title={SFM-Net: Learning of structure and motion from video},
  author={Vijayanarasimhan, Sundararajan and Ricco, Simone and Schmid, Christoph and Sukthankar, Rahul and Fragkiadaki, Katerina},
  journal={arXiv preprint arXiv:1704.07804},
  year={2017}
}

@article{vo-dnn,
  title={End-to-End, Sequence-to-Sequence Probabilistic Visual Odometry through Deep Neural Networks},
  author={Wang, Sen and Clark, Ronald and Wen, Hongkai and Trigoni, Niki},
  journal={The International Journal of Robotics Research},
  volume={37},
  number={4-5},
  pages={513--542},
  year={2018},
  publisher={SAGE Publications}
}


@article{tartanvo2020corl,
  title =   {TartanVO: A Generalizable Learning-based VO},
  author =  {Wang, Wenshan and Hu, Yaoyu and Scherer, Sebastian},
  journal = {Conference on Robot Learning (CoRL)},
  year =    {2020}
}

@misc{droidslam,
      title={DROID-SLAM: Deep Visual SLAM for Monocular, Stereo, and RGB-D Cameras}, 
      author={Zachary Teed and Jia Deng},
      year={2022},
      eprint={2108.10869},
      archivePrefix={arXiv},
      primaryClass={cs.CV},
      url={https://arxiv.org/abs/2108.10869}, 
}

@misc{wang2023dust3rgeometric3dvision,
      title={DUSt3R: Geometric 3D Vision Made Easy}, 
      author={Shuzhe Wang and Vincent Leroy and Yohann Cabon and Boris Chidlovskii and Jerome Revaud},
      year={2023},
      eprint={2312.14132},
      archivePrefix={arXiv},
      primaryClass={cs.CV},
      url={https://arxiv.org/abs/2312.14132}, 
}


@misc{SuperSparse,
  author={Chen, Siyu and Liu, Kangcheng and Wang, Chen and Yuan, Shenghai and Yang, Jianfei and Xie, Lihua},
  journal={IEEE Robotics and Automation Letters}, 
  title={Salient Sparse Visual Odometry With Pose-Only Supervision}, 
  year={2024},
  volume={9},
  number={5},
  pages={4774-4781},
  keywords={Optical flow;Estimation;Training;Robustness;Feature extraction;Image motion analysis;Optical variables control;Deep learning;optical flow;visual odometry},
  doi={10.1109/LRA.2024.3384757}}


@misc{dytanvo,
  author={Shen, Shihao and Cai, Yilin and Wang, Wenshan and Scherer, Sebastian},
  booktitle={2023 IEEE International Conference on Robotics and Automation (ICRA)}, 
  title={DytanVO: Joint Refinement of Visual Odometry and Motion Segmentation in Dynamic Environments}, 
  year={2023},
  volume={},
  number={},
  pages={4048-4055},
  keywords={Visualization;Simultaneous localization and mapping;Motion segmentation;Heuristic algorithms;Dynamics;Estimation;Cameras},
  doi={10.1109/ICRA48891.2023.10161306}
}

@inproceedings{deepVO,
 author = {Teed, Zachary and Lipson, Lahav and Deng, Jia},
 booktitle = {Advances in Neural Information Processing Systems},
 editor = {A. Oh and T. Naumann and A. Globerson and K. Saenko and M. Hardt and S. Levine},
 pages = {39033--39051},
 publisher = {Curran Associates, Inc.},
 title = {Deep Patch Visual Odometry},
 url = {https://proceedings.neurips.cc/paper_files/paper/2023/file/7ac484b0f1a1719ad5be9aa8c8455fbb-Paper-Conference.pdf},
 volume = {36},
 year = {2023}
}

@misc{mast3r,
      title={Grounding Image Matching in 3D with MASt3R}, 
      author={Vincent Leroy and Yohann Cabon and Jérôme Revaud},
      year={2024},
      eprint={2406.09756},
      archivePrefix={arXiv},
      primaryClass={cs.CV},
      url={https://arxiv.org/abs/2406.09756}, 
}

@misc{vio,
  author={Zhang, Zichao and Scaramuzza, Davide},
  booktitle={2018 IEEE/RSJ International Conference on Intelligent Robots and Systems (IROS)}, 
  title={A Tutorial on Quantitative Trajectory Evaluation for Visual(-Inertial) Odometry}, 
  year={2018},
  volume={},
  number={},
  pages={7244-7251},
  keywords={Trajectory;Cameras;Noise measurement;Tutorials;Sensors;Visualization},
  doi={10.1109/IROS.2018.8593941}}

@misc{legoloam,
  author={Shan, Tixiao and Englot, Brendan},
  booktitle={2018 IEEE/RSJ International Conference on Intelligent Robots and Systems (IROS)}, 
  title={LeGO-LOAM: Lightweight and Ground-Optimized Lidar Odometry and Mapping on Variable Terrain}, 
  year={2018},
  volume={},
  number={},
  pages={4758-4765},
  keywords={Feature extraction;Three-dimensional displays;Laser radar;Image segmentation;Pose estimation;Real-time systems;Iterative closest point algorithm},
  doi={10.1109/IROS.2018.8594299}}

@article{an2022visual,
  title={Visual-LiDAR SLAM based on unsupervised multi-channel deep neural networks},
  author={An, Yi and Shi, Jin and Gu, Dongbing and Liu, Qiang},
  journal={Cognitive Computation},
  volume={14},
  number={4},
  pages={1496--1508},
  year={2022},
  publisher={Springer}
}
@inproceedings{shubodh2024lip,
  title={Lip-loc: Lidar image pretraining for cross-modal localization},
  author={Shubodh, Sai and Omama, Mohammad and Zaidi, Husain and Parihar, Udit Singh and Krishna, Madhava},
  booktitle={Proceedings of the IEEE/CVF Winter Conference on Applications of Computer Vision},
  pages={948--957},
  year={2024}
}

@inproceedings{zhang2015visual,
  title={Visual-lidar odometry and mapping: Low-drift, robust, and fast},
  author={Zhang, Ji and Singh, Sanjiv},
  booktitle={2015 IEEE International Conference on Robotics and Automation (ICRA)},
  pages={2174--2181},
  year={2015},
  organization={IEEE}
}

@inproceedings{graeter2018limo,
  title={Limo: Lidar-monocular visual odometry},
  author={Graeter, Johannes and Wilczynski, Alexander and Lauer, Martin},
  booktitle={2018 IEEE/RSJ international conference on intelligent robots and systems (IROS)},
  pages={7872--7879},
  year={2018},
  organization={IEEE}
}

@inproceedings{huang2020lidar,
  title={Lidar-monocular visual odometry using point and line features},
  author={Huang, Shi-Sheng and Ma, Ze-Yu and Mu, Tai-Jiang and Fu, Hongbo and Hu, Shi-Min},
  booktitle={2020 IEEE International Conference on Robotics and Automation (ICRA)},
  pages={1091--1097},
  year={2020},
  organization={IEEE}
}

@misc{gmflow,
      title={GMFlow: Learning Optical Flow via Global Matching}, 
      author={Haofei Xu and Jing Zhang and Jianfei Cai and Hamid Rezatofighi and Dacheng Tao},
      year={2022},
      eprint={2111.13680},
      archivePrefix={arXiv},
      primaryClass={cs.CV},
      url={https://arxiv.org/abs/2111.13680}, 
}